@inproceedings{IWOMP2009,
 author = {Liao, Chunhua and Quinlan, Daniel J. and Willcock, Jeremiah J. and Panas, Thomas},
 title = {Extending Automatic Parallelization to Optimize High-Level Abstractions for Multicore},
 booktitle = {IWOMP '09: Proceedings of the 5th International Workshop on OpenMP},
 year = {2009},
 isbn = {978-3-642-02284-5},
 pages = {28--41},
 location = {Dresden, Germany},
 doi = {http://dx.doi.org/10.1007/978-3-642-02303-3_3},
 publisher = {Springer-Verlag},
 address = {Berlin, Heidelberg},
 }

@InProceedings{ECOOP98,
  author =       "Kei Davis and Dan Quinlan",
  title =        "ROSE: An Optimizing Code Transformer for C++ Object-Oriented Array Class Libraries",
  booktitle =    "Workshop on Parallel Object-Oriented Scientific Computing (POOSC'98),
at 12th European Conference on Object-Oriented Programming (ECOOP'98), Brussels, Belgium",
  series    =    {Lecture Notes in Computer Science},
  volume =       "1543",
  month =        July,
  pages =        "??-??",
  publisher =    "Springer Verlag",
  year =         "1998",
  comment =       "",
}

@InProceedings{CPC2000,
  author =       "Dan Quinlan",
  title =        "ROSE: Compiler Support for Object-Oriented Frameworks",
  booktitle =    "Proceedings of Conference on Parallel Compilers (CPC2000), Aussois, France",
  series    =    {Parallel Processing Letters},
  volume =       "10",
  month =        January,
  pages =        "??-??",
  publisher =    "Springer Verlag",
  year =         "2000",
  comment =       "",
}

@InProceedings{PDPTA01,
  author =       "Dan Quinlan and Bobby Philip",
  title =        "ROSETTA: The Compile-Time Recognition Of Object-Oriented Library Abstractions And Their Use Within Applications",
  booktitle =    "Proceedings of the PDPTA'2001 Conference, Las Vegas, Nevada",
  series    =    {},
  volume =       "?",
  month =        June 24-27,
  pages =        "??-??",
  publisher =    "",
  year =         "2001",
  comment =       "",
}


@InProceedings{LCPC01,
  author =       "Dan Quinlan and Markus Schordan and Bobby Philip and Markus Kowarschik",
  title =        "The Specification of Source-To-Source Transformations for the Compile-Time Optimization of Parallel Object-Oriented Scientific Applications",
  editor    = {Henry G. Dietz},
  booktitle     = {Languages and Compilers for Parallel Computing, 14th International Workshop, LCPC 2001, Revised Papers},
  series    = {Lecture Notes in Computer Science},
  volume    = {2624},
  isbn      = {3-540-04029-3},
  pages =        "570--578",
  publisher =    "Springer Verlag",
  year =         "2003",
  comment   =  {Cumberland Falls, KY, USA},
}

@InProceedings{SPDP02*105,
  author =       "Daniel Quinlan and Brian Miller and Bobby Philip and Markus Schordan",
  title =        "Treating a user-defined parallel library as a domain-specific language",
  pages =        "105--114",
  booktitle =    "16th International Parallel and Distributed Processing Symposium",
  ISBN =         "0-7695-1573-8",
  month =        apr,
  publisher =    "IEEE",
  year =         "2002",
  address =      "Ft. Lauderdale",
  comment =      "HIPS'02: 7th International Workshop on High-Level Parallel Programming Models and Supportive Environments (HIPS)",
  comment =      "DAYS: 15-19",
}

@InProceedings{WOMPAT03,
  author     = "Daniel Quinlan and Markus Schordan and Qing Yi and Bronis de Supinski",
  title      = "A {C++} Infrastructure for Automatic Introduction and Translation of {OpenMP} Directives",
  booktitle  = "WOMPAT'03: Workshop on OpenMP Applications and Tools",
  series    = {Lecture Notes in Computer Science},
  volume     = {2716},
  pages      = "13--25",
  month      = jun,
  publisher  = "Springer Verlag",
  year       = "2003",
  isbn       = {3-540-40435-X},
  comment    = {http://www.informatik.uni-trier.de/~ley/db/conf/wompat/wompat2003.html},
}

@InProceedings{JMLC03,
  author =       "Markus Schordan and Daniel Quinlan",
  title =        "A Source-To-Source Architecture for User-Defined Optimizations",
  booktitle =      "JMLC'03: Joint Modular Languages Conference",
  series    = {Lecture Notes in Computer Science},
  volume =       {2789},
  month =        aug,
  publisher =    "Springer Verlag",
  year =         "2003",
  pages =        "214--223",
}

@InProceedings{LCPC03,
  author =       "Dan Quinlan and Markus Schordan and Qing Yi and Bronis de Supinski",
  title =        "Semantic-Driven Parallelization of Loops Operating on User-Defined Containers",
  booktitle =    "LCPC'03: 16th Annual Workshop on Languages and Compilers for Parallel Computing",
  series    =    {Lecture Notes in Computer Science},
  volume =       "?",
  month =        oct,
  pages =        "??-??",
  publisher =    "Springer Verlag",
  year =         "2003",
  comment =       "deadline for final version: November 3, 2003",
}

@article{QSMK04CPA,
  author =       "Daniel Quinlan and Markus Schordan and Brian Miller and Markus Kowarschik",
  title =        "Parallel Object-Oriented Framework Optimization",
  journal =    "Concurrency and Computation: Practice and Experience",
  year =         "2004",
  month =        feb,
  pages =        "293--302",
  publisher =    "Wiley InterScience",
  volume =       "16, Issue 2-3",
  issn =         "1532-0634",
}





